<record><leader>00000cas a22000007a 4500</leader><controlfield tag="001">9342699</controlfield><controlfield tag="008">830324d18471847mauwr ne      0    0eng d</controlfield><datafield ind1=" " ind2=" " tag="010"><subfield code="a">sn 83020380 </subfield></datafield><datafield ind1=" " ind2=" " tag="040"><subfield code="a">NPX</subfield><subfield code="b">eng</subfield><subfield code="c">NPX</subfield><subfield code="d">DLC</subfield><subfield code="d">OCLCQ</subfield></datafield><datafield ind1=" " ind2=" " tag="042"><subfield code="a">msc</subfield></datafield><datafield ind1=" " ind2=" " tag="043"><subfield code="a">n-us-ma</subfield></datafield><datafield ind1="0" ind2="0" tag="245"><subfield code="a">Worcester gazette.</subfield></datafield><datafield ind1=" " ind2=" " tag="260"><subfield code="a">Worcester, Mass. :</subfield><subfield code="b">Estey &amp; Evans,</subfield><subfield code="c">-1847.</subfield></datafield><datafield ind1=" " ind2=" " tag="300"><subfield code="a">v. ;</subfield><subfield code="c">57 cm.</subfield></datafield><datafield ind1=" " ind2=" " tag="310"><subfield code="a">Weekly</subfield></datafield><datafield ind1="0" ind2=" " tag="362"><subfield code="a">-v. 3, no. 8 (Feb. 24, 1847).</subfield></datafield><datafield ind1=" " ind2=" " tag="500"><subfield code="a">" ... anti-slavery journal ..."</subfield></datafield><datafield ind1=" " ind2=" " tag="500"><subfield code="a">Editor: R.B. Hubbard.</subfield></datafield><datafield ind1=" " ind2=" " tag="588"><subfield code="a">Description based on: V. 3, no. 5 (Feb. 3, 1847).</subfield></datafield><datafield ind1="1" ind2=" " tag="700"><subfield code="a">Hubbard, R. B.</subfield></datafield><datafield ind1=" " ind2=" " tag="752"><subfield code="a">United States</subfield><subfield code="b">Massachusetts</subfield><subfield code="c">Worcester</subfield><subfield code="d">Worcester.</subfield></datafield><datafield ind1="0" ind2="0" tag="780"><subfield code="t">Worcester County gazette (Worcester, Mass. : Aug. 1845)</subfield><subfield code="w">(DLC)sn 83020379</subfield></datafield></record>